<?xml version="1.0" encoding="UTF-8"?><collection xmlns="http://www.loc.gov/MARC21/slim"><record><leader>00344nam--2200133-i-4500</leader><controlfield tag="001">000030360</controlfield><controlfield tag="002">20161230</controlfield><controlfield tag="005">20161230201038</controlfield><controlfield tag="008">060222s1000------------r-----000-0-eng-d</controlfield><datafield ind1=" " ind2=" " tag="080"><subfield code="a">621.38.04</subfield></datafield><datafield ind1=" " ind2=" " tag="100"><subfield code="a">Lilen, H</subfield></datafield><datafield ind1=" " ind2=" " tag="245"><subfield code="a">Circuitheque d`electronique.circuits integres lineaires</subfield></datafield><datafield ind1=" " ind2=" " tag="260"><subfield code="a">Paris, Editions Radio, 1970. 196p</subfield></datafield><datafield ind1=" " ind2=" " tag="852"><subfield code="a">33938</subfield></datafield></record></collection>